@misc{date1,date={2019-08}}
@misc{date2,date={2014-09}}
@misc{date3,date={2019-08}}
@misc{date4,date={2020-02/2020-06}}
@misc{date5,date={2022-11/2023-02}}
