@article{SBARTPaper,
       author = {{Silva}, André M. and {Faria}, J.~P. and {Santos}, N.~C. and {Sousa}, S.~G. and {Viana}, P.~T.~P. and {Martins}, J.~H.~C. and {Figueira}, P. and {Lovis}, C. and {Pepe}, F. and {Cristiani}, S. and {Rebolo}, R. and {Allart}, R. and {Cabral}, A. and {Mehner}, A. and {Sozzetti}, A. and {Su{\'a}rez Mascare{\~n}o}, A. and {Martins}, C.~J.~A.~P. and {Ehrenreich}, D. and {M{\'e}gevand}, D. and {Palle}, E. and {Lo Curto}, G. and {Tabernero}, H.~M. and {Lillo-Box}, J. and {Gonz{\'a}lez Hern{\'a}ndez}, J.~I. and {Zapatero Osorio}, M.~R. and {Hara}, N.~C. and {Nunes}, N.~J. and {Di Marcantonio}, P. and {Udry}, S. and {Adibekyan}, V. and {Dumusque}, X.},
        title = "{A novel framework for semi-Bayesian radial velocities through template matching}",
      journal = {A and A},
         date = {2022},
        month = jul,
       volume = {663},
          eid = {A143},
        pages = {A143},
          doi = {10.1051/0004-6361/202142262},
}


@article{ArchiPaper,
       author = {{Silva}, André M. and {Sousa}, S{\'e}rgio G. and {Santos}, Nuno and {Demangeon}, Olivier D.~S. and {Silva}, Pedro and {Hoyer}, S. and {Guterman}, P. and {Deleuil}, Magali and {Ehrenreich}, David},
        title = "{ARCHI: pipeline for light curve extraction of CHEOPS background stars}",
      journal = {MNRAS},
        date = {2020},
       volume = {496},
       number = {1},
        pages = {282-294},
          doi = {10.1093/mnras/staa1443},
}