

@unpublished{CoursesPython2,
    author = {Silva, A. M.},
    title = {\langen{Organizor/instructor in a internal python course for astronomers organized by the}\langpt{Organizardo/instrutor de um curso de Python para astrónomos, organizado pelo}
"Centro de Astrofísica e Ciências do Espaço"},
    location = {Online},
    date = {2023-03}
}

@unpublished{CoursesPython1,
    author = {Silva, A. M.},
    title = {\langen{Organizor/instructor in a internal python course for astronomers organized by the}\langpt{Organizardo/instrutor de um curso de Python para astrónomos, organizado pelo}
Centro de Astrofísica e Ciências do Espaço},
    location = {Online},
    date = {2021-04/2021-05}
}
