

@unpublished{Poster5,
    author = {Silva, A. M.},
    title = {A semi-Bayesian implementation of template matching for precise Radial Velocities},
    location = {Online, Encontro Ciência '21},
    date = {2021-07-28/2021-07-30}
}
@unpublished{Poster4,
    author = {Silva, A. M.},
    title = {A semi-Bayesian implementation of template matching for precise Radial Velocities},
    location = {Online, Statistical challenges in Modern astronomy VII},
    date = {2021-07-7/2021-07-10}
}


@unpublished{Poster3,
    author = {Silva, A. M.},
    title = {A Bayesian template matching approach applied to HARPS : towards the improvement of the RV precision},
    location = {Online, European Astronomical Society Annual meeting 2021},
    date = {2021-06-28/2021-07-02}
}


@unpublished{Poster2,
    author = {Silva, A. M.},
    title = {A Bayesian approach to precise Radial Velocities},
    location = {Online, 30th Encontro Nacional de Astronomia e Astrofísica },
    date = {2020-09-09/2020-09-11}
}

@unpublished{Poster1,
    author = {Silva, A. M.},
    title = {ARCHI: pipeline for light curve extraction of CHEOPS background stars},
    location = {Online, Europlanet Science Congress 2020},
    date = {2020-06-21/2020-07-09}
}
