
@unpublished{JoseLino2023,
    author = {Co-supervisor \langen{of the MsC thesis of}\langpt{da tese de mestrado de} Jos√© Lino},
    title = {Looking at the Sun, finding other Earths},
    location = {U. Porto; \dates{2022-10/2023-11}},
    date = {}
}

@unpublished{PedroAfonso2022,
    author = {Co-supervisor \langen{of the undergraduate project of}\langpt{do projeto de licenciatura} de Pedro Afonso},
    title = {A new activity proxy for finding other Earths},
    location = {U. Porto; \dates{2022-11/2023-02}},
    date = {}
}

@unpublished{MafaldaMatos2020,
    author = {Co-supervisor \langen{of the undergraduate project of}\langpt{do projeto de licenciatura} de Mafalda Matos},
    title = {An analysis of the performance of CHEOPS mission pipelines: the DRP and archi},
    location = {U. Porto; \dates{2020-02/2020-06} },
    date = {}
}

