@article{paper1,
    author = {Author, Some and Doe, Jane},
    title = {Some paper},
    journal = {Journal of Stuff},
    volume = {2},
    pages = {1--10},
    date = {2021},
    doi = {10.1110/j.stuff.123}
}
