@unpublished{Poster8,
    author = {},
    title = {Navigating Through a Sea of Activity – A Portuguese Solar Telescope},
    location = {Lisbon, ENAA XXXV},
    date = {2025-09-10/2025-09-12},
    year = 2024,
    month=Jun
}

@unpublished{Poster7,
    author = {},
    title = {A fully-Bayesian model for RV extraction},
    location = {Leiden, Exoplanets 5},
    date = {2024-06-16/2024-06-21},
    year = 2024,
    month=Jun
}

@unpublished{Poster6,
    author = {},
    title = {The Paranal solar ESPRESSO Telescope - towards a resolved view of the Sun},
    location = {Leiden, Exoplanets 5},
    date = {2024-06-16/2024-06-21},
    year = 2024,
    month=Jun
}


@unpublished{Poster5,
    author = {},
    title = {A semi-Bayesian implementation of template matching for precise Radial Velocities},
    location = {Online, Encontro Ciência 21},
    date = {2021-07-28/2021-07-30},
    year = 2021,
    month=Jul
}

@unpublished{Poster4,
    author = {},
    title = {A semi-Bayesian implementation of template matching for precise Radial Velocities},
    location = {Online, Statistical challenges in Modern astronomy VII},
    date = {2021-07-07/2021-07-10},
    year = 2021,
    month=Jul
}


@unpublished{Poster3,
    author = {},
    title = {A Bayesian template matching approach applied to HARPS : towards the improvement of the RV precision},
    location = {Online, European Astronomical Society Annual meeting 2021},
    date = {2021-06-28/2021-07-02},
    year = 2021,
    month=Jun
}


@unpublished{Poster2,
    author = {},
    title = {A Bayesian approach to precise Radial Velocities},
    location = {Online, 30th Encontro Nacional de Astronomia e Astrofísica },
    date = {2020-09-09/2020-09-11},
    year = 2020,
    month=Sep
}

@unpublished{Poster1,
    author = {},
    title = {ARCHI: pipeline for light curve extraction of CHEOPS background stars},
    location = {Online, Europlanet Science Congress 2020},
    date = {2020-06-21/2020-07-09},
    year = 2020,
    month=Jun
}